@book{baumgartner:2002,
title = {E-Learning Praxishandbuch : Auswahl von Lernplattformen; Marktübersicht, Funktionen, Fachbegriffe},
author = {Baumgartner; Peter and Häfele; Hartmut and Maier-Häfele; Kornelia},
address = {Innsbruck},
publisher = {StudienVerl.},
year = {2002},
isbn = {3-7065-1771-X}
}

@TechReport{androidVSiosArchitekture,
  author = 	 {A. J. Singh; Akshay Bhardwaj},
  title = 	 {Android vs. IOS: An Architectural Perspective},
  institution =  {HP University, Shimla, India},
  year = 	 {2014},
  note = 	 {\url{http://www.ijird.com/index.php/ijird/article/view/46574/37796}},
}

@Misc{androidVSios,
  author = 	 {{Connect; Andreas Seger}},
  title = 	 {{Android vs. iOS: Der große Vergleich}},
  howpublished = {\url{http://www.connect.de/ratgeber/android-vs-ios-vergleich-features-google-apple-2790308.html}},
  year = 	 {2014}
}

@Misc{wearables,
  author = 	 {{ITWissen}},
  title = 	 {{Smart Wearables}},
  howpublished = {\url{http://www.itwissen.info/Smart-Wearables-smart-wearables.html}},
  year = 	 {2016}
}

@Misc{heiseAndroid,
  author = 	 {{Heise online}},
  title = 	 {{Android}},
  howpublished = {\url{https://www.heise.de/thema/Android}},
  year = 	 {o. J.}
}

@Misc{t3n,
  author = 	 {{Andreas Weck}},
  title = 	 {{9 von 10 Smartphones: Android-Marktanteil erreicht neuen Rekord}},
  howpublished = {\url{http://t3n.de/news/android-marktanteil-weltweit-2016-763193/}},
  year = 	 {2016}
}

@Misc{androidDistribution,
  author = 	 {{Android.com}},
  title = 	 {{Platform Versions}},
  howpublished = {\url{https://developer.android.com/about/dashboards/index.html\#Platform}},
  year = 	 {2017}
}

@Misc{heiseAblenkungSmartphone,
  author = 	 {{Jürgen Ruf}},
  title = 	 {{Polizei: Ablenkung am Steuer durch Smartphones wird unterschätzt}},
  howpublished = {\url{http://www.heise.de/newsticker/meldung/Polizei-Ablenkung-am-Steuer-durch-Smartphones-wird-unterschaetzt-3237353.html?wt_mc=rss.ho.beitrag.rdf}},
  year = 	 {2016}
}

@Misc{CMUSphinx,
  author = 	 {{Kevin Lenzo}},
  title = 	 {{CMU Sphinx}},
  howpublished = {\url{http://www.speech.cs.cmu.edu/sphinx/doc/Sphinx.html}},
  year = 	 {o. J.}
}

@Misc{voiceActions,
  author = 	 {{Google}},
  title = 	 {{Voice Actions}},
  howpublished = {\url{https://developers.google.com/voice-actions/system/}},
  year = 	 {2015}
}

@Misc{cloudSpeechAPI,
  author = 	 {{Google}},
  title = 	 {{Cloud Speech API}},
  howpublished = {\url{https://cloud.google.com/speech/}},
  year = 	 {o. J.}
}

@Misc{wikiCMUSphinx,
  author = 	 {{Wikipedia}},
  title = 	 {{CMU Sphinx}},
  howpublished = {\url{https://en.wikipedia.org/wiki/CMU_Sphinx}},
  year = 	 {o. J.}
}

@Misc{iOS,
  author = 	 {{Apple}},
  title = 	 {{About the iOS Technologies}},
  howpublished = {\url{https://developer.apple.com/library/content/documentation/Miscellaneous/Conceptual/iPhoneOSTechOverview/Introduction/Introduction.html\#//apple_ref/doc/uid/TP40007898-CH1-SW1}},
  year = 	 {2014}
}

@Misc{CocoaTouchLayer,
  author = 	 {{Apple}},
  title = 	 {{Cocoa Touch Layer}},
  howpublished = {\url{https://developer.apple.com/library/content/documentation/Miscellaneous/Conceptual/iPhoneOSTechOverview/iPhoneOSTechnologies/iPhoneOSTechnologies.html\#//apple_ref/doc/uid/TP40007898-CH3-SW1}},
  year = 	 {2014}
}

@Misc{MediaLayer,
  author = 	 {{Apple}},
  title = 	 {{Media Layer}},
  howpublished = {\url{https://developer.apple.com/library/content/documentation/Miscellaneous/Conceptual/iPhoneOSTechOverview/MediaLayer/MediaLayer.html\#//apple_ref/doc/uid/TP40007898-CH9-SW4}},
  year = 	 {2014}
}

@Misc{CoreServiceLayer,
  author = 	 {{Apple}},
  title = 	 {{Core Service Layer}},
  howpublished = {\url{https://developer.apple.com/library/content/documentation/Miscellaneous/Conceptual/iPhoneOSTechOverview/CoreServicesLayer/CoreServicesLayer.html\#//apple_ref/doc/uid/TP40007898-CH10-SW5}},
  year = 	 {2014}
}

@Misc{CoreOSLayer,
  author = 	 {{Apple}},
  title = 	 {{Core OS Layer}},
  howpublished = {\url{https://developer.apple.com/library/content/documentation/Miscellaneous/Conceptual/iPhoneOSTechOverview/CoreOSLayer/CoreOSLayer.html\#//apple_ref/doc/uid/TP40007898-CH11-SW1}},
  year = 	 {2014}
}

@Misc{layersOfIos,
  author = 	 {{Apple}},
  title = 	 {{Layers of iOS}},
  howpublished = {\url{https://developer.apple.com/library/content/documentation/Miscellaneous/Conceptual/iPhoneOSTechOverview/Art/SystemLayers_2x.png}},
  year = 	 {2014}
}

@Misc{androidArchitektur,
  author = 	 {{Wikipedia}},
  title = 	 {{Android-System-Architektur}},
  howpublished = {\url{https://de.wikipedia.org/wiki/Android_(Betriebssystem)\#/media/File:Android-System-Architecture.svg}},
  year = 	 {o. J.}
}

@Misc{artvsdalvik,
  author = 	 {{Areamobile}},
  title = 	 {{ART vs. Dalvik im Test: Die neue Android-Runtime im Vergleich}},
  howpublished = {\url{http://www.areamobile.de/specials/26470-art-vs-dalvik-im-test-die-neue-android-runtime-im-vergleich}},
  year = 	 {o. J.}
}

@Misc{android,
  author = 	 {{Google}},
  title = 	 {{Android}},
  howpublished = {\url{https://www.android.com/intl/de_de/}},
  year = 	 {o. J.}
}

@Misc{androidvsiosvergleich,
  author = 	 {{Connect}},
  title = 	 {{Android vs. iOS: Der große Vergleich}},
  howpublished = {\url{http://www.connect.de/ratgeber/android-vs-ios-vergleich-features-google-apple-2790308.html}},
  year = 	 {2014}
}

@Misc{howSiriWork,
    author = { A. Nusca},
    title = {{How Apple's Siri really works}},
    howpublished = {\url{http://www.zdnet.com/article/how-apples-siri-really-works/}},
    year = {2011}
 }
 
@Misc{Siriexplained,
    author = { B. O'Boyle},
    title = {{What is Siri? Apple's personal voice assistant explained}},
    howpublished = {\url{http://www.pocket-lint.com/news/112346-what-is-siri-apple-s-personal-voice-assistant-explained}},
    year = {2015}
}

@Misc{appleSiri,
    author = {{Apple}},
    title = {Siri},
    howpublished = {\url{http://www.apple.com/ios/siri/}},
    year = {o. J.}
}

@Misc{alexaExplained,
    author = {Rick Billies},
    title = {Amazon Alexa Explained},
    howpublished = {\url{http://seniortechtips.com/amazon-alexa-explained/}},
    year = {2016}
}

@Misc{alexaHow,
    author = {R. Baguley; C. McDonald},
    title = {Appliance Science: Alexa, how does Alexa work? The science of the Amazon Echo},
    howpublished = {\url{https://www.cnet.com/news/appliance-science-alexa-how-does-alexa-work-the-science-of-amazons-echo/}},
    year = {2016}
}

@Misc{alexaDev,
    author = {{Amazon}},
    title = {Alexa Voice Service},
    howpublished = {\url{https://developer.amazon.com/alexa-voice-service}},
    year = {2017}
}

@Misc{alexaDatenschutz,
    author = {{Verbraucherzentrale}},
    title = {Amazon hört zu: "Echo" jetzt auch in hiesigen Wohnzimmern},
    howpublished = {\url{https://www.verbraucherzentrale.de/amazon-echo}},
    year = {2017}
}

@Misc{micNutzung,
    author = {{mikrofon.org}},
    title = {Elektretmikrofon},
    howpublished = {\url{http://mikrofon.org/mikrofonarten/elektretmikrofon-piezomikrofon}},
    year = {2017}
}

@Misc{funktionsweiseMic,
    author = {Detlef Mieke},
    title = {Prinzip der Kondensatormikrofone},
    howpublished = {\url{http://elektroniktutor.de/akustik/c_mikro.html\#emicro}},
    year = {2014}
}

@Misc{fft,
    author = {{Fh-Flensburg}},
    title = {Schnelle Fouriertransformation},
    howpublished = {\url{http://www.iti.fh-flensburg.de/lang/algorithmen/fft/fft.htm}},
    year = {2016}
}

@Misc{dct,
    author = {{Fh-Flensburg}},
    title = {Diskrete Cosinus-Transformation},
    howpublished = {\url{http://www.inf.fh-flensburg.de/lang/algorithmen/fft/dct.htm}},
    year = {2016}
}

@TechReport{hmmIsolated,
  author = 	 {Nikolas Dörfler},
  title = 	 {Hidden Markov Models},
  institution =  {Technische Universität München},
  year = 	 {2003}, 
  note = {\url{http://campar.in.tum.de/twiki/pub/Far/MachineLearningWiSe2003/doerfler_ausarbeitung.pdf}},
}

@TechReport{specSub,
  author = 	 {Kaladharan N},
  title = 	 {Speech Enhancement by Spectral Subtraction Method},
  institution =  {Department of Electrical Engineering
Annamalai University},
  year = 	 {2014}, 
  note = {\url{http://citeseerx.ist.psu.edu/viewdoc/download?doi=10.1.1.673.1405&rep=rep1&type=pdf}},
}

@TechReport{hmmContinous,
  author = 	 {Joseph Picone},
  title = 	 {Continuous Speech
Recognition Using Hidden
Markov Models },
  institution =  {Florida Institute of Technology},
  year = 	 {1990},
  note = {\urlhttp://my.fit.edu/~vkepuska/ece5526/Continuous\%20Speech\%20Recognition\%20Using\%20Hidden\%20Markov\%20Models.pdf}},
}

@book{androidHandbuch,
title = {Android 7, Das Praxisbuch für Entwickler},
author = {Thomas Künneth},
publisher = {Rheinwerk},
year = {2017},
isbn = {978-3-8362-4200-4}
}

@book{einfAndroid,
title = {Einführung in die Andoid Entwicklung},
author = {Marko Gargenta},
address = {Köln},
publisher = {O'Reilly},
year = {2011},
isbn = {978-3-86899-114-7}
}
@book{practicalswift:iosArchitecutre,
title = {Practical Swift},
author = {Eric Downey},
address = {Ohio},
publisher = {Apress},
year = {2016},
isbn = {978-1-4842-2280-5}
}
@Unpublished{braehler:2010,
  author = 	 {Stefan Brähler},
  title = 	 {Analysis of the Android
Architecture},
  year = 	 {2010},
  address = {Karlsruher Institut für Technologie},
  note = {Studienarbeit}
}
%https://os.itec.kit.edu/downloads/sa_2010_braehler-stefan_android-architecture.pdf

@book{alexaHowTo,
title = {How To Program -- Amazon Echo},
author = {Jaquinta Jo and Stacy Colella},
publisher = {TsaTsaTzu},
year = {2015},
isbn = {B011J6AP26}
}%Audio Aspects Alexa https://www.amazon.de/How-Program-Amazon-Echo-Development-ebook/dp/B011J6AP26

@book{automaticSpeechRecognition,
title = {Theory and Applications of Natural Language Processing},
author = {Hagen Soltau; George Saon; Lidia Mangu; Hong-Kwang Kuo; Brian Kingsbury; Stephen Chu; Fadi Biadsy},
address = {Berlin},
publisher = {Springer},
year = {2014},
isbn = {978-3-642-45358-8}
}

@TechReport{sirivsgoogleSpeech,
  author = 	 {Mehdi Assefi; Guangchi Liu; Mike P. Wittie; Clemente Izurieta},
  title = 	 {An Experimental Evaluation of Apple Siri and Google Speech Recognition},
  institution =  {Department of Computer Science, Montana State University},
  year = 	 {2015},
  note = 	 {\url{http://citeseerx.ist.psu.edu/viewdoc/download?doi=10.1.1.706.5567&rep=rep1&type=pdf}},
}

@book{microphoneBook,
title = {Mikrofone in Theorie und Praxis},
author = {Thomas Görne},
publisher = {Elektor},
year = {2007},
isbn = {978-3-89576-189-8}
}

%noch einzubinden-------------------------------------------------------

@book{siri:jerome,
title = {Spoken Language Understanding for Natural Interaction: The Siri Experience},
author = {Jerome R. Bellegarda},
address = {New York},
publisher = {Springer},
year = {2013},
isbn = {978-1-4614-8279-6}
}
%https://link.springer.com/chapter/10.1007/978-1-4614-8280-2_1

@book{musicStreaming,
title = {Creating a Music Recommendation and Streaming Application for Android},
author = {Elliot Jenkins; Yanyan Yang},
publisher = {Springer},
year = {2016},
isbn = {978-3-319-44405-5}
}
@book{speechRecognition,
title = {Speech and Computer},
author = {Andrey Ronzhin; Rodmonga Potapova; Géza Németh},
publisher = {Springer},
year = {2016},
isbn = {978-3-319-43957-0}
}
% Seite 26: Speech Recognition Challenges in the Car Navigation Industry
%http://download.springer.com/static/pdf/17/bfm%253A978-3-319-43958-7%252F1.pdf?originUrl=http%3A%2F%2Flink.springer.com%2Fbook%2Fbfm%3A978-3-319-43958-7%2F1&token2=exp=1487767374~acl=%2Fstatic%2Fpdf%2F17%2Fbfm%25253A978-3-319-43958-7%25252F1.pdf%3ForiginUrl%3Dhttp%253A%252F%252Flink.springer.com%252Fbook%252Fbfm%253A978-3-319-43958-7%252F1*~hmac=346321ac57efa6922cd9c2db20f9ba2ec298c321a7b34bc036fe8a411b0ce4ae

%evtl:   http://ieeexplore.ieee.org/abstract/document/6637558/?reload=true
